@inproceedings{main_paper, 
author={H. Rahmalan and M. S. Nixon and J. N. Carter}, 
booktitle={2006 IET Conference on Crime and Security}, 
title={On Crowd Density Estimation for Surveillance}, 
year={2006}, 
volume={}, 
number={}, 
pages={540-545}, 
keywords={Chebyshev approximation;computer vision;feature extraction;image classification;matrix algebra;video surveillance;crowd density estimation;video surveillance;computer vision;outdoor scenes;crowd monitoring;image features extraction;grey level dependency matrix;Minkowski fractal dimension;translation invariant orthonormal Chebyshev moments;feature classification;self organizing map;Crowd Density;Translation Invariant Orthonormal Chebyshev Moments;Minkowski Fractal Dimension;Grey Level Dependency Matrix}, 
doi={}, 
ISSN={}, 
month={June},}

@INPROCEEDINGS{gldm, 
author={A. N. Marana and S. A. Velastin and L. F. Costa and R. A. Lotufo}, 
booktitle={IEE Colloquium on Image Processing for Security Applications (Digest No: 1997/074)}, 
title={Estimation of crowd density using image processing}, 
year={1997}, 
volume={}, 
number={}, 
pages={11/1-11/8}, 
keywords={safety;crowd density estimation;image processing;low density crowd images;coarse textures;dense crowds;fine textures;automatic estimation;automatic crowd monitoring;texture information;grey level transition probabilities;digitised images;crowd density feature vectors;feature extraction;self organising neural network;Liverpool Street Railway Station;London;Safety}, 
month={March},}

@INPROCEEDINGS{mfd, 
author={A. N. Marana and L. Da Fontoura Costa and R. A. Lotufo and S. A. Velastin}, 
booktitle={1999 IEEE International Conference on Acoustics, Speech, and Signal Processing. Proceedings. ICASSP99 (Cat. No.99CH36258)}, 
title={Estimating crowd density with Minkowski fractal dimension}, 
year={1999}, 
volume={6}, 
number={}, 
pages={3521-3524}, 
keywords={fractals;image processing;parameter estimation;surveillance;image texture;Minkowski fractal dimension;crowd density estimation;surveillance;crowd monitoring;occupation level;safety;data texture;people congestion;crowd images;statistical technique;spectral technique;Liverpool Street Railway Station;London;UK;Fractals;Image edge detection;Biology;Testing;Humans;Computerized monitoring;Shape measurement;Surveillance;Occupational safety;Rail transportation},
month={March},}

@inproceedings{phasecong,
author = {Kovesi, Peter},
year = {2003},
month = {January,},
title = {Phase Congruency Detects Corners and Edges},
booktitle = {DICTA}
}

@misc{phasecong_impl,
  title = {MATLAB and Octave Functions for Computer Vision and Image Processing},
  howpublished = {\url{https://www.peterkovesi.com/matlabfns/PhaseCongruency/phasecong3.m}},
  note = {Pristup: 24. prosinca 2018.}
}

@misc{boxcount_impl,
  title = {Computing a fractal dimension with Matlab: 1D, 2D and 3D Box-counting},
  howpublished = {\url{https://www.mathworks.com/matlabcentral/mlc-downloads/downloads/submissions/13063/versions/1/previews/boxcount/html/demo.html}},
  note = {Pristup: 24. prosinca 2018.}
}